@string{ijbem = {Int. J. of Bioelectromagnetism}}
@string{asilomar = {Asilomar Conf. on Sig., Sys. and Comp}}
@string{ieeetbme = {IEEE Trans. on Biomed. Eng.}}
@string{ieeetmi = {IEEE Trans. on Med. Imag.}}
@string{ieeetsp = {IEEE Trans. on Sig. Proc.}}
@string{invprob = {Inverse Problems}}
@string{sp = {Signal Processing}}
@string{jce = {J. of Cardiovas. Electrophy.}}% Journal of cardiovascular electrophysiology
@string{AmJPh = {Am. J. of Phys.}}% American Journal of physiology
@String{c-EMBS87 = "Proceedings of the IEEE Engineering in Medicine and Biology Society 9th Annual International Conference"}
@String{c-EMBS89 = "Proceedings of the IEEE Engineering in Medicine and Biology Society 11th Annual International Conference"}

@article{radon20051,
  title     = {1.1 {\"u}ber die bestimmung von funktionen durch ihre integralwerte l{\"a}ngs gewisser mannigfaltigkeiten},
  author    = {Radon, Johann},
  journal   = {Classic papers in modern diagnostic radiology},
  volume    = {5},
  pages     = {21},
  year      = {2005},
  publisher = {Springer Berlin--Heidelberg--New York}
}

@unpublished{ugurlu2021,
  title   = {Parallel Beam X-Ray Computerized Tomography},
  author  = {Ugurlu, Kutay},
  journal = {Classic papers in modern diagnostic radiology},
  year    = {2020}
}

@misc{richmond2004sir,
  title     = {Sir Godfrey Hounsfield},
  author    = {Richmond, Caroline},
  year      = {2004},
  publisher = {British Medical Journal Publishing Group}
}

 @misc{emict,
  title   = {EMI CT Brain Scanner: Science Museum Group Collection},
  url     = {https://collection.sciencemuseumgroup.org.uk/objects/co134790/emi-ct-brain-scanner-ct-scanner},
  journal = {EMI CT brain scanner | Science Museum Group}
} 

 @misc{CTHist,
  title     = {Half a century in CT: How computed tomography has evolved},
  url       = {https://www.isct.org/computed-tomography-blog/2017/2/10/half-a-century-in-ct-how-computed-tomography-has-evolved#:~:text=Increased%20power%20and%20availability%20of,Laboratories%20using%20x%2Dray%20technology.},
  journal   = {ISCT},
  publisher = {ISCT},
  author    = {ISCT},
  year      = {2018},
  month     = {07}
} 

@inbook{zeng2017image,
  title     = {Image reconstruction: applications in medical sciences},
  author    = {Zeng, Gengsheng Lawrence},
  year      = {2017},
  pages     = {51-52},
  publisher = {Walter de Gruyter GmbH \& Co KG}
}

@article{bracewell1956strip,
  title     = {Strip integration in radio astronomy},
  author    = {Bracewell, Ronald N},
  journal   = {Australian Journal of Physics},
  volume    = {9},
  number    = {2},
  pages     = {198--217},
  year      = {1956},
  publisher = {CSIRO Publishing}
}

@inbook{kak2001principles,
  title     = {Principles of computerized tomographic imaging},
  author    = {Kak, Avinash C and Slaney, Malcolm},
  year      = {2001},
  pages     = {56-65},
  publisher = {SIAM}
}

@article{wang2004image,
  title     = {Image quality assessment: from error visibility to structural similarity},
  author    = {Wang, Zhou and Bovik, Alan C and Sheikh, Hamid R and Simoncelli, Eero P},
  journal   = {IEEE transactions on image processing},
  volume    = {13},
  number    = {4},
  pages     = {600--612},
  year      = {2004},
  publisher = {IEEE}
}

@article{andersen1984sart,
  title={Simultaneous algebraic reconstruction technique (SART): a superior implementation of the ART algorithm},
  author={Andersen, Anders H and Kak, Avinash C},
  journal={Ultrasonic imaging},
  volume={6},
  number={1},
  pages={81--94},
  year={1984},
  publisher={Elsevier}
}

@inproceedings{dong2020accelerated,
  title={Accelerated algorithm for the classical SIRT method in CT image reconstruction},
  author={Dong, Jian and Kudo, Hiroyuki and Kim, Yongchae},
  booktitle={Proceedings of the 5th International Conference on Multimedia and Image Processing},
  pages={49--55},
  year={2020}
}

@article{gordon1970algebraic,
  title={Algebraic reconstruction techniques (ART) for three-dimensional electron microscopy and X-ray photography},
  author={Gordon, Richard and Bender, Robert and Herman, Gabor T},
  journal={Journal of theoretical Biology},
  volume={29},
  number={3},
  pages={471--481},
  year={1970},
  publisher={Elsevier}
}

@article{kaczmarz1993approximate,
  title={Approximate solution of systems of linear equations},
  author={Kaczmarz, Stefan},
  journal={International Journal of Control},
  volume={57},
  number={6},
  pages={1269--1271},
  year={1993},
  publisher={Taylor \& Francis}
}

@ARTICLE{6499238,
  author={Gordon, Richard},
  journal={IEEE Transactions on Nuclear Science}, 
  title={A tutorial on art (algebraic reconstruction techniques)}, 
  year={1974},
  volume={21},
  number={3},
  pages={78-93},
  doi={10.1109/TNS.1974.6499238}}

  @article{gilbert1972iterative,
  title={Iterative methods for the three-dimensional reconstruction of an object from projections},
  author={Gilbert, Peter},
  journal={Journal of theoretical biology},
  volume={36},
  number={1},
  pages={105--117},
  year={1972},
  publisher={Elsevier}
}

@article{ANDERSEN198481,
title = {Simultaneous Algebraic Reconstruction Technique (SART): A superior implementation of the ART algorithm},
journal = {Ultrasonic Imaging},
volume = {6},
number = {1},
pages = {81-94},
year = {1984},
issn = {0161-7346},
doi = {https://doi.org/10.1016/0161-7346(84)90008-7},
url = {https://www.sciencedirect.com/science/article/pii/0161734684900087},
author = {A.H. Andersen and A.C. Kak},
keywords = {Algebraic reconstruction, digital ray tracing, tomography, ultrasound},
}